@INPROCEEDINGS{paper,
  author={Afonso, João and Monteiro, José},
  booktitle={Design, Automation \& Test in Europe Conference \& Exhibition (DATE), 2017}, 
  title={Analysis of short-circuit conditions in logic circuits}, 
  year={2017},
  volume={},
  number={},
  pages={824-829},
  keywords={Logic gates;Logic circuits;Integrated circuit modeling;Transistors;Power supplies;Tools},
  doi={10.23919/DATE.2017.7927102}}
